\bibliographystyle{./IEEEtran}
\bibliography{./IEEEabrv,./mybibi}


%A8
@book{a8book,
place={New York},
title={Problem-solving methods in artificial intelligence},
publisher={McGraw-Hill Book Co.},
author={Nilsson, Nils J},
year={1971}
}

@ARTICLE{WHY, 
author={J. von Appen and M. Braun and T. Stetz and K. Diwold and D. Geibel}, 
journal={IEEE Power and Energy Magazine}, 
title={Time in the Sun: The Challenge of High PV Penetration in the German Electric Grid}, 
year={2013}, 
volume={11}, 
number={2}, 
pages={55-64}, 
doi={10.1109/MPE.2012.2234407}, 
ISSN={1540-7977}, 
month={March},}

@ARTICLE{WHY2, 
author={A. Di Giorgio and F. Liberati and A. Lanna and A. Pietrabissa and F. D. Priscoli}, 
journal={IEEE Transactions on Sustainable Energy}, 
title={Model Predictive Control of Energy Storage Systems for Power Tracking and Shaving in Distribution Grids}, 
year={2017}, 
volume={8}, 
number={2}, 
pages={496-504}, 
doi={10.1109/TSTE.2016.2608279}, 
ISSN={1949-3029}, 
month={April},}

%ES integration#########################
@ARTICLE{ESI1, 
author={B. P. Roberts and C. Sandberg}, 
journal={Proceedings of the IEEE}, 
title={The Role of Energy Storage in Development of Smart Grids}, 
year={2011}, 
volume={99}, 
number={6}, 
pages={1139-1144}, 
doi={10.1109/JPROC.2011.2116752}, 
ISSN={0018-9219}, 
month={June},}

@ARTICLE{ES2, 
author={J. Krata and T. K. Saha}, 
journal={IEEE Transactions on Smart Grid}, 
title={Real-Time Coordinated Voltage Support with Battery Energy Storage in a Distribution Grid Equipped with Medium-Scale PV Generation}, 
year={2018}, 
volume={}, 
number={}, 
pages={1-1}, 
doi={10.1109/TSG.2018.2828991}, 
ISSN={1949-3053}, 
month={},}

@article{ES3,
title = "The potential for peak shaving on low voltage distribution networks using electricity storage",
journal = "Journal of Energy Storage",
volume = "16",
pages = "231 - 242",
year = "2018",
issn = "2352-152X",
doi = "https://doi.org/10.1016/j.est.2018.02.002",
url = "http://www.sciencedirect.com/science/article/pii/S2352152X17305601",
author = "Andrew J. Pimm and Tim T. Cockerill and Peter G. Taylor",
keywords = "Electricity storage, Battery storage, Distributed energy storage, Distribution network, Heat pump"
}


###########################
@ARTICLE{IM1, 
author={F. Luo and K. Meng and Z. Y. Dong and Y. Zheng and Y. Chen and K. P. Wong}, 
journal={IEEE Transactions on Sustainable Energy}, 
title={Coordinated Operational Planning for Wind Farm With Battery Energy Storage System}, 
year={2015}, 
volume={6}, 
number={1}, 
pages={253-262}, 
doi={10.1109/TSTE.2014.2367550}, 
ISSN={1949-3029}, 
month={Jan},}

@ARTICLE{IM2, 
author={A. Nagarajan and R. Ayyanar}, 
journal={IEEE Transactions on Sustainable Energy}, 
title={Design and Strategy for the Deployment of Energy Storage Systems in a Distribution Feeder With Penetration of Renewable Resources}, 
year={2015}, 
volume={6}, 
number={3}, 
pages={1085-1092}, 
doi={10.1109/TSTE.2014.2330294}, 
ISSN={1949-3029}, 
month={July},}


@ARTICLE{IM3, 
author={X. Ke and N. Lu and C. Jin}, 
journal={IEEE Transactions on Sustainable Energy}, 
title={Control and Size Energy Storage Systems for Managing Energy Imbalance of Variable Generation Resources}, 
year={2015}, 
volume={6}, 
number={1}, 
pages={70-78}, 
doi={10.1109/TSTE.2014.2355829}, 
ISSN={1949-3029}, 
month={Jan},}

@INPROCEEDINGS{IM4, 
author={K. M. Chandy and S. H. Low and U. Topcu and H. Xu}, 
booktitle={49th IEEE Conference on Decision and Control (CDC)}, 
title={A simple optimal power flow model with energy storage}, 
year={2010}, 
volume={}, 
number={}, 
pages={1051-1057}, 
doi={10.1109/CDC.2010.5718193}, 
ISSN={0191-2216}, 
month={Dec},}

@inbook{gupta_francis_ospina_newaz_2018,
place={Denver},
title={Cost Optimal Control of Microgrids Having Solar Power and Energy Storage},
booktitle={2018 IEEE PES Transmission and Distribution Conference & Exposition (T&D 2018)},
publisher={IEEE},
author={Gupta, Nikhil and Francis, Griffin and Ospina, Juan and Newaz, Alvi},
year={2018}
}

@article{rt4,
  title={Real-time energy management in microgrids},
  author={Shi, Wenbo and Li, Na and Chu, Chi-Cheng and Gadh, Rajit},
  journal={IEEE Transactions on Smart Grid},
  volume={8},
  number={1},
  pages={228--238},
  year={2017},
  publisher={IEEE}
}
